@Misc{IMS_slides,
	author = {Petr Peringer and Martin Hrubý},
	title = {
		Modelování a~simulace, Text k~přednáškám kursu
		Modelování a~simulace na FIT VUT v~Brně
	},
	howpublished = {[online]},
	year = {22. listopad 2018},
	note = {[vid. 2018-12-05]},
	url = {https://www.fit.vutbr.cz/study/courses/IMS/public/prednasky/IMS.pdf},
}

@Misc{Freshbox,
	author = {Freshbox},
	title = {Freshbox},
	howpublished = {[online]},
	year = {2018},
	note = {[vid. 2018-12-05]},
	url = {http://www.freshbox.cz},
}

@Misc{SIMLIB,
	author = {Petr Peringer and David Leska and David Martinek},
	title = {SIMLIB/C++ (SIMulation LIBrary for C++)},
	howpublished = {[online]},
	year = {19. září 2018},
	note = {[vid. 2018-12-05]},
	url = {http://www.fit.vutbr.cz/~peringer/SIMLIB},
}
